@misc{Sohl-Dickstein-2015,
  doi = {10.48550/ARXIV.1503.03585},
  
  url = {https://arxiv.org/abs/1503.03585},
  
  author = {Sohl-Dickstein, Jascha and Weiss, Eric A. and Maheswaranathan, Niru and Ganguli, Surya},
  
  keywords = {Machine Learning (cs.LG), Disordered Systems and Neural Networks (cond-mat.dis-nn), Neurons and Cognition (q-bio.NC), Machine Learning (stat.ML), FOS: Computer and information sciences, FOS: Computer and information sciences, FOS: Physical sciences, FOS: Physical sciences, FOS: Biological sciences, FOS: Biological sciences},
  
  title = {Deep Unsupervised Learning using Nonequilibrium Thermodynamics},
  
  publisher = {arXiv},
  
  year = {2015},
  
  copyright = {arXiv.org perpetual, non-exclusive license}
}

@misc{Saharia-2022,
    doi = {10.1145/3528233.3530757},
    
    url = {https://doi.org/10.1145/3528233.3530757},
    
    author = {Saharia, Chitwan and Chan, William and Chang, Huiwen and Lee, Chris and Ho, Jonathan and Salimans, Tim and Fleet, David and Norouzi, Mohammad},
    
    keywords = {Generative models, Diffusion models., Deep learning},
    
    title = {Palette: Image-to-Image Diffusion Models},
    
    publisher = {Association for Computing Machinery},
    
    year = {2022}
}

@misc{Ho-2020,
  doi = {10.48550/ARXIV.2006.11239},
  
  url = {https://arxiv.org/abs/2006.11239},
  
  author = {Ho, Jonathan and Jain, Ajay and Abbeel, Pieter},
  
  keywords = {Machine Learning (cs.LG), Machine Learning (stat.ML), FOS: Computer and information sciences, FOS: Computer and information sciences},
  
  title = {Denoising Diffusion Probabilistic Models},
  
  publisher = {arXiv},
  
  year = {2020},
  
  copyright = {arXiv.org perpetual, non-exclusive license}
}

@misc{Nichol-2021,
  doi = {10.48550/ARXIV.2102.09672},
  
  url = {https://arxiv.org/abs/2102.09672},
  
  author = {Nichol, Alex and Dhariwal, Prafulla},
  
  keywords = {Machine Learning (cs.LG), Artificial Intelligence (cs.AI), Machine Learning (stat.ML), FOS: Computer and information sciences, FOS: Computer and information sciences},
  
  title = {Improved Denoising Diffusion Probabilistic Models},
  
  publisher = {arXiv},
  
  year = {2021},
  
  copyright = {arXiv.org perpetual, non-exclusive license}
}
